
@Book{luenberger-lin-nonlin,
  author = 	 {David~G. Luenberger and Yinyu Ye},
  title = 	 {Linear and Nonlinear Programming},
  publisher = 	 {Springer},
  year = 	 2008,
  edition = 	 {3rd}}

@Book{kahneman-tfs,
  author = 	 {Daniel Kahneman},
  title = 	 {Thinking, Fast and Slow},
  publisher = 	 {Farrar, Straus and Giroux},
  year = 	 2013}

@Book{taylor-reconstruct,
  author = 	 {Lance Taylor},
  title = 	 {Reconstructing Macroeconomics: Structuralist Proposals and Critiques of the Mainstream},
  publisher = 	 {Harvard University Press},
  year = 	 2004}

@Book{davidson-pkmt,
  author = 	 {Paul Davidson},
  title = 	 {Post-Keynesian Macroeconomic Theory},
  publisher = 	 {Edward Elgar},
  year = 	 2011,
  edition = 	 {2nd}}

@Book{romer-advmacro,
  author = 	 {David Romer},
  title = 	 {Advanced Macroeconomics},
  publisher = 	 {McGraw Hill},
  year = 	 2011,
  edition = 	 {4th}}

@Book{ljungqvist-sargent,
  author = 	 {Lars Ljungqvist and Thomas Sargent},
  title = 	 {Recursive Macroeconomic Theory},
  publisher = 	 {MIT Press},
  year = 	 2012,
  edition = 	 {3rd}}

@Book{slp,
  author = 	 {Nancy Stokey and Lucas, Jr., Robert~E. and Edward~C. Prescott},
  title = 	 {Recursive Methods in Economic Dynamics},
  publisher = 	 {Harvard University Press},
  year = 	 1989}

@InCollection{geanakoplos-olg,
  author = 	 {John Geanakoplos},
  title = 	 {Overlapping Generations Model of General Equilibrium},
  crossref =  {newpalgrave},
}


@Book{newpalgrave,
  editor =	 {Steven N. Durlauf and Lawrence E. Blume},
  title =	 {The New Palgrave Dictionary of Economics},
  booktitle =	 {The New Palgrave Dictionary of Economics},
  publisher =	 {Palgrave Macmillan},
  year =	 2008,
  edition = 	 {2nd}}


@article{balasko1980overlapping,
  title={The overlapping generations model, {I}: The case of pure exchange without money},
  author={Balasko, Y. and Shell, K.},
  journal={Journal of Economic Theory},
  volume=23,
  number=3,
  pages={281--306},
  year=1980,
  url = {http://www.karlshell.com/www/pdfs/2009/OGM_1.pdf} 
}

@Book{mascolell,
  author = 	 {Andreu Mas-Colell and Michael D. Whinston and Jerry R. Green},
  title = 	 {Microeconomic Theory},
  publisher = 	 {Oxford University Press},
  year = 	 1995}

@Book{billingsley-prob-measure,
  author = 	 {Patrick Billingsley},
  title = 	 {Probability and Measure},
  publisher = 	 {Wiley-Interscience},
  year = 	 1995,
  edition = 	 {3rd}}

@Book{jacod-protter-essentials,
  author = 	 {Jean Jacod and Philip Protter},
  title = 	 {Probability Essentials},
  publisher = 	 {Springer},
  year = 	 2004,
  edition = 	 {2nd}}

@Book{chung-elementary,
  author = 	 {K.~L. Chung and Farid AitSahlia},
  title = 	 {Elementary Probability Theory: With Stochastic Processes and an Introduction to Mathematical Finance},
  publisher = 	 {Springer},
  year = 	 2003,
  edition = 	 {4th}}



@Book{ross-probability,
  author = 	 {Sheldon M. Ross},
  title = 	 {Introduction to Probability Models},
  publisher = 	 {Academic Press},
  year = 	 2009,
  edition = 	 {10th}}

